<record xmlns="http://www.loc.gov/MARC21/slim" xmlns:xsi="http://www.w3.org/2001/XMLSchema-instance" xsi:schemaLocation="http://www.loc.gov/MARC21/slim http://www.loc.gov/standards/marcxml/schema/MARC21slim.xsd">

  <leader>00795nam a2200205   4500</leader>
  <datafield ind2=" " ind1=" " tag="999">
    <subfield code="c">3373</subfield>
    <subfield code="d">3373</subfield>
  </datafield>
  <controlfield tag="008">170130b2006    cr ||||| |||| 00| 0 spa d</controlfield>
  <datafield ind2=" " ind1=" " tag="090">
    <subfield code="a">14.02.02</subfield>
    <subfield code="b">1336</subfield>
  </datafield>
  <datafield ind2=" " tag="100" ind1="1">
    <subfield code="9">255</subfield>
    <subfield code="a">Chaves Salas, Ana Lupita</subfield>
  </datafield>
  <datafield ind1="1" tag="245" ind2="0">
    <subfield code="a">Red interinstitucional para la niñez de Costa Rica [Informe 2005] / </subfield>
    <subfield code="c">Lupita Chaves Salas, Kryssia Brade Jiménez, Jeanneth Cerda Núñez</subfield>
  </datafield>
  <datafield ind2=" " tag="260" ind1=" ">
    <subfield code="a">San José, Costa Rica] :</subfield>
    <subfield code="b">INIE,</subfield>
    <subfield code="c">2006</subfield>
  </datafield>
  <datafield ind2=" " tag="300" ind1=" ">
    <subfield code="a">1 volumen (sin paginar)</subfield>
  </datafield>
  <datafield ind2=" " tag="500" ind1=" ">
    <subfield code="a">Informe 2005 Proyecto de Acción Social ED-1445</subfield>
  </datafield>
  <datafield tag="650" ind1="1" ind2="4">
    <subfield code="9">757</subfield>
    <subfield code="a">PRIMERA INFANCIA</subfield>
  </datafield>
  <datafield ind2="4" ind1="1" tag="650">
    <subfield code="9">59</subfield>
    <subfield code="a">NIÑOS</subfield>
  </datafield>
  <datafield ind2="4" ind1="1" tag="650">
    <subfield code="9">60</subfield>
    <subfield code="a">NIÑAS</subfield>
  </datafield>
  <datafield ind2="4" ind1="1" tag="650">
    <subfield code="9">784</subfield>
    <subfield code="a">RED INTERINSTITUCIONAL PARA LA NIÑEZ Y LA ADOLESCENCIA DE COSTA RICA</subfield>
  </datafield>
  <datafield ind1="1" tag="700" ind2=" ">
    <subfield code="9">756</subfield>
    <subfield code="a">Cerdas Núñez, Jeannette </subfield>
  </datafield>
  <datafield tag="700" ind1="1" ind2=" ">
    <subfield code="9">1419</subfield>
    <subfield code="a">Brade Jiménez, Kryssia</subfield>
  </datafield>
  <datafield ind2=" " ind1=" " tag="942">
    <subfield code="2">z</subfield>
    <subfield code="c">04</subfield>
  </datafield>
</record>